@BOOK{WittingMueller-Funk1995,
  title = {Mathematische Statistik II},
  publisher = {B.G.Teubner},
  year = {1995},
  author = {H. Witting and U. Müller-Funk},
}