@article{Baldessari2007Car2Car,
	author = {Baldessari, Roberto and BÃ¶dekker, Bert and Deegener, Matthias and Festag, Andreas and Franz, Walter and Kellum, C Christopher and Kosch, Timo and Kovacs, Andras and Lenardi, Massimiliano and Menig, Cornelius and others, },
	journal = {DLR Electronic Library [http://elib. dlr. de/perl/oai2](Germany)},
	number = 4,
	pages = 4,
	title = {Car-2-car communication consortium-manifesto},
	volume = 3,
	year = 2007
}

@inproceedings{Becker1999Identifying,
	author = {Becker, J. and Uthmann, C.V. and zur Muhlen, M. and Rosemann, M.},
	booktitle = {Proceedings of the 32nd Annual Hawaii International Conference on Systems Sciences, 1999. HICSS-32},
	doi = {10.1109/HICSS.1999.772962},
	pages = {10 pp.-},
	title = {Identifying the workflow potential of business processes},
	volume = {Track5},
	year = 1999
}

@techreport{Hollingsworth1995Wfmc,
	author = {Hollingsworth, David},
	institution = {Workflow Management Coalition},
	title = {WfMC: Workflow Reference Model},
	type = {Specification},
	url = {http://www.wfmc.org/standards/docs/tc003v11.pdf},
	year = 1995
}

@book{Lawrence1997Workflow,
	address = {New York, NY, USA},
	editor = {Lawrence, Peter},
	isbn = {0-471-96947-8},
	publisher = {John Wiley \& Sons, Inc.},
	title = {Workflow Handbook 1997},
	year = 1997
}

@inproceedings{Wutke2008Model,
	address = {New York, NY, USA},
	author = {Wutke, Daniel and Martin, Daniel and Leymann, Frank},
	booktitle = {Proceedings of the 2008 ACM Symposium on Applied Computing},
	doi = {10.1145/1363686.1363712},
	isbn = {978-1-59593-753-7},
	pages = {90-94},
	publisher = {ACM},
	series = {SAC '08},
	title = {Model and Infrastructure for Decentralized Workflow Enactment},
	url = {http://doi.acm.org/10.1145/1363686.1363712},
	year = 2008
}

@article{Alonso1997Functionality,
	author = {Alonso, G. and Agrawal, D. and Abbadi, A. El and Mohan, C.},
	journal = {IEEE Expert},
	title = {Functionality and Limitations of Current Workflow Management Systems},
	volume = 12,
	year = 1997
}

@article{Casati1999Specification,
	author = {Casati, Fabio and Ceri, Stefano and Paraboschi, Stefano and Pozzi, Guiseppe},
	doi = {10.1145/328939.328996},
	issn = 03625915,
	journal = {ACM Transactions on Database Systems},
	number = 3,
	pages = {405-451},
	title = {Specification and implementation of exceptions in workflow management systems},
	url = {http://portal.acm.org/citation.cfm?doid=328939.328996},
	volume = 24,
	year = 1999
}

@misc{Docker????Docker,
	author = {Docker, Inc.},
	title = {Docker Documentation},
	url = {https://docs.docker.com/}
}

@book{Felter2014Updated,
	author = {Felter, Wes and Ferreira, Re and Rajamony, Ram and Rubio, Juan and Felter, Wes and Ferreira, Alexandre and Rajamony, Ram and Rubio, Juan},
	title = {An Updated Performance Comparison of Virtual Machines and Linux Containers},
	year = 2014
}
